@comment{{This file has been generated by bib2bib 1.95}}

@comment{{Command line: bib2bib -c '$key="siewert_c_e_2000a" or $key="stamnes_knut_1988b" or $key="rahman_hafizur_1993b" or $key="roujean_jean-louis_1992" or $key="nakajima_t_1986" or $key="hapke_bruce_1981a" or $key="hapke_bruce_1981b" or $key="doicu_a_2009b" or $key="spurr_r_j_d_2004" or $key="doicu_a_2009a" or $key="fymat_a_l_1974a" or $key="mcgarragh_greg_2010" or $key="de_haan_j_f_1987" or $key="aronson_raphael_1972" or $key="wanner_w_1995" or $key="liou_kuo-nan_1973" or $key="spurr_r_j_d_2007" or $key="natraj_vijay_2007a" or $key="grant_i_p_1969a" or $key="cox_charles_1954" or $key="min_qilong_2004b" or $key="siewert_c_e_1982a" or $key="lenoble_j_2007" or $key="liou_k_n_2002" or $key="dahlback_arne_1991" or $key="voronovich_alexander_g_2004" or $key="kawabata_kiyoshi_1988" or $key="nakajima_t_1988" or $key="wiscombe_w_j_1977a" or $key="spurr_r_j_d_2001" or 1=2'}}

@string{aa = {Astronomy and Astrophysics}}

@string{ass = {Astrophysics and Space Science}}

@string{ao = {Applied Optics}}

@string{jas = {Journal of the Atmospheric Sciences}}

@string{jgr = {Journal of Geophysical Research}}

@string{josa = {Journal of the Optical Society of America}}

@string{jqsrt = {Journal of Quantitative Spectroscopy and Radiative Transfer}}

@string{pss = {Planetary and Space Science}}

@string{prsamps = {Proceedings of the Royal Society. Series A: Mathematical and Physical Sciences}}

@string{taj = {The Astrophysical Journal}}

@string{tgrs = {{IEEE} Transactions on Geoscience and Remote Sensing}}

@article{aronson_raphael_1972,
  author = {Raphael Aronson},
  title = {General Solution for Polarized Radiation in a Homogeneous-Slab Atmosphere},
  journal = taj,
  month = {October},
  year = {1972},
  volume = {177},
  pages = {411--421},
  keywords = {Radiative Transfer, Eigenmatrix Methods, Matrix Operator Methods, Polarization}
}

@article{cox_charles_1954,
  author = {Charles Cox and Walter Munk},
  title = {Measurement of the Roughness of the Sea Surface from Photographs of the Sun's Glitter},
  journal = josa,
  month = {November},
  year = {1954},
  volume = {44},
  number = {11},
  pages = {838--850},
  keywords = {Miscellaneous}
}

@article{dahlback_arne_1991,
  author = {Arne Dahlback and Knut Stamnes},
  title = {A New Spherical Model for Computing the Radiation Field Available for Photolysis and Heating at Twilight},
  journal = pss,
  year = {1991},
  volume = {39},
  number = {5},
  pages = {671--683},
  keywords = {Radiative Transfer, Spherical Radiative Transfer}
}

@article{de_haan_j_f_1987,
  author = {J. F. de Haan and P. B. Bosma and J. W. Hovenier},
  title = {The Adding Method for Multiple Scattering Calculations of Polarized Light},
  journal = aa,
  year = {1987},
  volume = {183},
  pages = {371--391},
  keywords = {Radiative Transfer, Adding/Doubling, Matrix Operator Methods, Polarization}
}

@article{doicu_a_2009a,
  author = {A. Doicu and T. Trautmann},
  title = {Discrete-Ordinate Method with Matrix Exponential for a Pseudo-Spherical Atmosphere: Scalar Case},
  journal = jqsrt,
  year = {2009},
  volume = {110},
  pages = {146--158},
  keywords = {Radiative Transfer, {P}ad\'{e} Approximation}
}

@article{doicu_a_2009b,
  author = {A Doicu and T Trautmann},
  title = {Discrete-Ordinate Method with Matrix Exponential for a Pseudo-Spherical Atmosphere: Vector Case},
  journal = jqsrt,
  year = {2009},
  volume = {110},
  pages = {159--172},
  keywords = {Radiative Transfer, {P}ad\'{e} Approximation, Polarization}
}

@article{fymat_a_l_1974a,
  author = {A. L. Fymat and Sueo Ueno},
  title = {Order-Of-Scattering of Partially Polarized Radiation in Inhomogeneous Anisotropically Scattering Atmospheres {I}: Fundamentals},
  journal = ass,
  year = {1974},
  volume = {30},
  pages = {3--25},
  keywords = {Radiative Transfer, Polarization, Successive Order of Scattering}
}

@article{grant_i_p_1969a,
  author = {I. P. Grant and G. E. Hunt},
  title = {Discrete Space Theory of Radiative Transfer {I}. {F}undamentals},
  journal = prsamps,
  year = {1969},
  volume = {313},
  pages = {183--197},
  keywords = {Radiative Transfer, Adding/Doubling, Matrix Operator Methods}
}

@article{hapke_bruce_1981a,
  author = {Bruce Hapke},
  title = {Bidirectional Reflectance Spectroscopy 1. Theory},
  journal = jgr,
  month = {April},
  year = {1981},
  volume = {86},
  number = {B4},
  pages = {3039--3054},
  keywords = {Atmospheric Science, Remote Sensing}
}

@article{hapke_bruce_1981b,
  author = {Bruce Hapke and Eddie Wells},
  title = {Bidirectional Reflectance Spectroscopy 2. Experiments and Observations},
  journal = jgr,
  month = {April},
  year = {1981},
  volume = {86},
  number = {B4},
  pages = {3055--3060},
  keywords = {Atmospheric Science, Remote Sensing}
}

@article{kawabata_kiyoshi_1988,
  author = {Kiyoshi Kawabata and Sueo Ueno},
  title = {The First Three Orders of Scattering in Vertically Inhomogeneous Scattering-Absorbing Media},
  journal = ass,
  year = {1988},
  volume = {150},
  pages = {327--344},
  keywords = {Radiative Transfer, Successive Order of Scattering}
}

@article{lenoble_j_2007,
  author = {J. Lenoble and M. Herman and J. L. Deuz\'{e} and B. Lafrance and R. Santer and D. Tanr\'{e}},
  title = {A Successive Order of Scattering Code for Solving the Vector Equation of Transfer in the Earth's Atmosphere with Aerosols},
  journal = jqsrt,
  year = {2007},
  volume = {107},
  pages = {479--507},
  keywords = {Radiative Transfer, Successive Order of Scattering}
}

@article{liou_kuo-nan_1973,
  author = {Kuo-Nan Liou},
  title = {A Numerical Experiment on {C}handrasekhar's Discrete-Ordinate Method for Radiative Transfer: Applications to Cloudy and Hazy Atmospheres},
  journal = jas,
  month = {October},
  year = {1973},
  volume = {30},
  pages = {1303--1326},
  keywords = {Radiative Transfer, Eigenmatrix Methods}
}

@book{liou_k_n_2002,
  author = {K. N. Liou},
  title = {An Introduction to Atmospheric Radiation},
  edition = {Second},
  publisher = {Academic Press},
  year = {2002},
  address = {525 B Street, Suite 1900, San Diego, California 92101-4495, USA},
  pages = {583},
  keywords = {Atmospheric Science}
}

@article{mcgarragh_greg_2010,
  author = {Greg McGarragh and Philip Gabriel},
  title = {Efficient Computation of Radiances and for Optically Thin Media by {P}ad\'{e} Approximants},
  journal = jqsrt,
  year = {2010},
  volume = {111},
  pages = {1885--1889},
  keywords = {Radiative Transfer, Matrix Operator Methods, {P}ad\'{e} Approximation}
}

@article{min_qilong_2004b,
  author = {Qilong Min and Minzheng Duan},
  title = {Successive Order of Scattering Model for Solving Vector Radiative Transfer in the Atmosphere},
  journal = jqsrt,
  year = {2004},
  volume = {87},
  pages = {243--259},
  keywords = {Radiative Transfer, Successive Order of Scattering}
}

@article{nakajima_t_1986,
  author = {T. Nakajima and M. Tanaka},
  title = {Matrix Formulation for the Transfer of Solar Radiation in a Plane-Parallel Scattering Atmosphere},
  journal = jqsrt,
  year = {1986},
  volume = {35},
  number = {1},
  pages = {13--21},
  keywords = {Radiative Transfer, Eigenmatrix Methods, Matrix Operator Methods}
}

@article{nakajima_t_1988,
  author = {T. Nakajima and M. Tanaka},
  title = {Algorithms for Radiative Intensity Calculations in Moderately Thick Atmospheres Using a Truncation Approximation},
  journal = jqsrt,
  year = {1988},
  volume = {40},
  number = {1},
  pages = {51--69},
  keywords = {Radiative Transfer}
}

@article{natraj_vijay_2007a,
  author = {Vijay Natraj and Robert J. D. Spurr},
  title = {A Fast Linearized Pseudo-Spherical Two Orders of Scattering Model to Account for Polarization in Vertically Inhomogeneous Scattering-absorbing Media},
  journal = jqsrt,
  year = {2007},
  volume = {107},
  pages = {263--293},
  keywords = {Radiative Transfer, Oxygen A Band, Polarization}
}

@article{rahman_hafizur_1993b,
  author = {Hafizur Rahman and Bernard Pinty and Michel M. Verstraete},
  title = {Coupled Surface-Atmosphere Reflectance (CSAR) Model 2. Semiempirical Surface Model Usable With NOAA Advanced Very High Resolution Radiometer Data},
  journal = jgr,
  month = {November},
  year = {1993},
  volume = {98},
  number = {D11},
  pages = {20791--20801},
  keywords = {Atmospheric Science}
}

@article{roujean_jean-louis_1992,
  author = {Jean-Louis Roujean and Marc Leroy and Pierre-Yves Deschamps},
  title = {A Bidirectional Reflectance Model of the Earth's Surface for the Correction of Remote Sensing Data},
  journal = jgr,
  month = {December},
  year = {1992},
  volume = {97},
  number = {D18},
  pages = {20455--20468},
  keywords = {Atmospheric Science, Remote Sensing}
}

@article{siewert_c_e_1982a,
  author = {C. E. Siewert},
  title = {On the Phase Matrix Basic to Scattering of Polarized Light},
  journal = aa,
  year = {1982},
  volume = {109},
  pages = {195--200},
  keywords = {Radiative Transfer, Polarization}
}

@article{siewert_c_e_2000a,
  author = {C. E. Siewert},
  title = {A Concise and Accurate Solution to {C}handrasekher's Basic Problem in Radiative Transfer},
  journal = jqsrt,
  year = {2000},
  volume = {64},
  pages = {109--130},
  keywords = {Radiative Transfer, BVP Methods, Eigenmatrix Methods}
}

@article{spurr_r_j_d_2001,
  author = {R. J. D. Spurr and T. P. Kurosu and K. V. Chance},
  title = {A Linearized Discrete Ordinate Radiative Transfer Model for Atmospheric Remote-Sensing Retrieval},
  journal = jqsrt,
  year = {2001},
  volume = {68},
  pages = {689--735},
  keywords = {Radiative Transfer, BVP Methods, Eigenmatrix Methods, Linearization, Tangent Linear}
}

@article{spurr_r_j_d_2004,
  author = {Robert J. D. Spurr},
  title = {A New Approach to the Retrieval of Surface Properties from Earthshine Measurements},
  journal = jqsrt,
  year = {2004},
  volume = {83},
  pages = {15--46},
  keywords = {Radiative Transfer, Linearization, Surface Radiative Properties/BRDFs, Tangent Linear}
}

@article{spurr_r_j_d_2007,
  author = {R. J. D. Spurr and M. J. Christi},
  title = {Linearization of the Interaction Principle: Analytic Jacobians in the ``{R}adiant'' Model},
  journal = jqsrt,
  year = {2007},
  volume = {103},
  pages = {431--446},
  keywords = {Radiative Transfer, Adding/Doubling, Eigenmatrix Methods, Linearization, Matrix Operator Methods, Tangent Linear}
}

@article{stamnes_knut_1988b,
  author = {Knut Stamnes and Si-Chee Tsay and Warren Wiscombe and Kolf Jayaweera},
  title = {Numerically Stable Algorithm for Discrete-Ordinate-Method Radiative Transfer in Multiple Scattering and Emitting Layered Media},
  journal = ao,
  month = {June},
  year = {1988},
  volume = {27},
  number = {12},
  pages = {2502--2509},
  keywords = {Radiative Transfer, BVP Methods, Eigenmatrix Methods}
}

@article{voronovich_alexander_g_2004,
  author = {Alexander G. Voronovich and Albin J. Gasiewski and Bob L. Weber},
  title = {A Fast Multistream Scattering-Based Jacobian for Microwave Radiance Assimilation},
  journal = tgrs,
  month = {August},
  year = {2004},
  volume = {42},
  number = {8},
  pages = {1749--1761},
  keywords = {Radiative Transfer, Eigenmatrix Methods, Linearization, Matrix Operator Methods, Tangent Linear}
}

@article{wanner_w_1995,
  author = {W. Wanner and X. Li and A. H. Strahler},
  title = {On the Derivation of Kernels for Kernel-Driven Models of Bidirectional Reflectance},
  journal = jgr,
  month = {October},
  year = {1995},
  volume = {100},
  number = {D10},
  pages = {21077--21089},
  keywords = {Atmospheric Science, Surface Radiative Properties/BRDFs}
}

@article{wiscombe_w_j_1977a,
  author = {W. J. Wiscombe},
  title = {The Delta-M Method: Rapid Yet Accurate Radiative Flux Calculations for Strongly Asymmetric Phase Functions},
  journal = jas,
  month = {September},
  year = {1977},
  volume = {34},
  pages = {1408--1422},
  keywords = {Radiative Transfer, Delta-M Method}
}

